%% LaTeX2e file `test.bib'
%% generated by the `filecontents' environment
%% from source `2016-11-22_PVA_Ricardo-Molenaar_Martijn-van-Essen_Plan-van-Aanpak_vA01' on 2016/11/25.
%%
 @ONLINE{SER:2013:Online,
  author = {{Sociaal-Economische Raad}},
  title = {Energieakkoord \uppercase{SER}},
  year = {2013},
  url = {http://http://www.energieakkoordser.nl/},
  urldate = {2016-11-24}
 }
 @ONLINE{Kavelbesluit:2015:Online,
  author = {{Ministerie van Economische Zaken, Ministerie van Infrastuctuur en Milieu}},
  title = {Ontwerpkavelbesluit \uppercase{II} windenergiegebied Borssele},
  year = {2015},
  url = {https://www.rvo.nl/sites/default/files/2015/08/DOMUS-\%2315108163-v1-Eindversie_Ontwerpkavelbesluit_II_windenergiegebied_Borssele__opgemaakte_pdf.pdf},
  urldate = {2016-11-22}
 }
